@techreport{lam-bertini-isenberg-plaisant-carpendale-2011,
	author={Heidi Lan and Enrico Bertini and Petra Isenberg and Catherine Plaisant and Sheelagh Carpendale},
	title = {Seven Guiding Scenarios for Information Visualization Evaluation},
	institution={Department of Computer Science University of Calgary},
	year={2011},
	number={No. 2011-992-04},
	note = {\url{http://www.lri.fr/~isenberg/publications/papers/Lam_2011_SGS.pdf}}
},

@techreport{lewis-1982,
	author={Clayton H. Lewis},
	title = { Using the ``Thinking Aloud" Method In Cognitive Interface Design},
	institution={IBM},
	year={1982},
	number={No. RC-9265}
}